<?xml version="1.0" encoding="UTF-8" ?>
<collection xmlns:xsi="http://www.w3.org/2001/XMLSchema-instance"
    xsi:schemaLocation="http://www.loc.gov/MARC21/slim
        http://www.loc.gov/standards/marcxml/schema/MARC21slim.xsd"
    xmlns="http://www.loc.gov/MARC21/slim">
<record>
  <leader>00232cam a2200433 i 4500</leader>
  <controlfield tag="001">b12363042</controlfield>
  <controlfield tag="003">LeBAU</controlfield>
  <controlfield tag="005">20170620</controlfield>
  <controlfield tag="008">970223s1916    ua            ||0 0 ara d</controlfield>
  <datafield tag="035" ind1=" " ind2=" ">
    <subfield code="a">ocn784262501</subfield>
  </datafield>
  <datafield tag="040" ind1=" " ind2=" ">
    <subfield code="a">LEAUB</subfield>
    <subfield code="b">ara</subfield>
    <subfield code="e">rda</subfield>
    <subfield code="c">LEAUB</subfield>
    <subfield code="d">LEAUB</subfield>
  </datafield>
  <datafield tag="082" ind1="0" ind2="4">
    <subfield code="a">181.07</subfield>
    <subfield code="2">22</subfield>
  </datafield>
  <datafield tag="100" ind1="1" ind2=" ">
    <subfield code="6">880-01</subfield>
    <subfield code="a">Suhrawardī, Yaḥyá ibn Ḥabash,</subfield>
    <subfield code="d">1152 or 1153-1191,</subfield>
    <subfield code="e">author.</subfield>
  </datafield>
  <datafield tag="245" ind1="1" ind2="0">
    <subfield code="6">880-02</subfield>
    <subfield code="a">Hayākil al-nūr /</subfield>
    <subfield code="c">lil-ḥakīm al-subḥānī wa-al-haykal al-ṣamadānī faylasūf al-Islām Shihāb al-Dīn Abī al-Futūḥ Yaḥyá ibn Ḥabash al-Suhrawardī al-shahīr bi-al-Shaykh al-Maqtūl, al-mutawaffá salkh Dhī al-Ḥijjah sanat 587 H. bi-Ḥalab ; muṭarraz al-ḥawāshī bi-ta‘līqāt ba‘ḍ nukhbat fuḍalā’ al-‘aṣr. [Wa-yalīh] ‘Ajā’ib al-Nuṣūṣ fī Tahdhīb al-Fuṣūṣ / li-aḥad fuḍalā’ al-‘aṣr al-ḥāḍir hadhdhaba fīhi fuṣūṣ ḥakīm al-‘Arab fī al-‘alam al-Islāmī al-mu‘allim al-thānī Abī al-Naṣr al-Fārābī. [Wa-yalīh] Uṣūl al-Mantiq wa-al-Munāẓarah ‘arraba fīhā al-uṣūl al-mantiqīyah lil-sayyid al-sharīf ibnuhu wa-ḍammanahā faḍlan ‘an hadhā uṣūl fann al-baḥth wa-al-munāẓarah bi-ghāyat al-taqrīb wa-al-ījāz mimmā yakfī ṭullāb al-‘ilm fī hādhayn al-fannayn al-jalīlayn.</subfield>
  </datafield>
  <datafield tag="250" ind1=" " ind2=" ">
    <subfield code="6">880-03</subfield>
    <subfield code="a">al-Ṭab‘ah al-ūlá.</subfield>
  </datafield>
  <datafield tag="264" ind1=" " ind2="1">
    <subfield code="6">880-04</subfield>
    <subfield code="a">Miṣr :</subfield>
    <subfield code="b">Maṭba‘at al-Sa‘ādah,</subfield>
    <subfield code="c">1335 H., [1916? M.]</subfield>
  </datafield>
  <datafield tag="300" ind1=" " ind2=" ">
    <subfield code="6">880-05</subfield>
    <subfield code="a">96 pages ;</subfield>
    <subfield code="c">20 cm</subfield>
  </datafield>
  <datafield tag="336" ind1=" " ind2=" ">
    <subfield code="a">text</subfield>
    <subfield code="b">txt</subfield>
    <subfield code="2">rdacontent</subfield>
  </datafield>
  <datafield tag="337" ind1=" " ind2=" ">
    <subfield code="a">unmediated</subfield>
    <subfield code="b">n</subfield>
    <subfield code="2">rdamedia</subfield>
  </datafield>
  <datafield tag="338" ind1=" " ind2=" ">
    <subfield code="a">volume</subfield>
    <subfield code="b">nc</subfield>
    <subfield code="2">rdacarrier</subfield>
  </datafield>
  <datafield tag="500" ind1=" " ind2=" ">
    <subfield code="a">"لما رأينا كتاب الفصوص للمعلم الثاني أبي النصر الفارابي الشهير كتاباً بديعاً في فنه يضاهي ذلك الكتاب الجليل وقد خدمه وحرره أحد فضلاء العصر وسماه عجائب النصوص رأينا أن لا يحرم منه طلاب المعرفة وعشاق الفلسفة لذا ألحقناه به."</subfield>
  </datafield>
  <datafield tag="650" ind1=" " ind2="4">
    <subfield code="a">الفلسفة العربية</subfield>
    <subfield code="v">اعمال قديمة حتى 1800.</subfield>
  </datafield>
  <datafield tag="650" ind1=" " ind2="4">
    <subfield code="a">التصوف</subfield>
    <subfield code="v">اعمال قديمة حتى 1800.</subfield>
  </datafield>
  <datafield tag="650" ind1=" " ind2="0">
    <subfield code="a">Philosophy, Arab</subfield>
    <subfield code="v">Early works to 1800.</subfield>
  </datafield>
  <datafield tag="650" ind1=" " ind2="0">
    <subfield code="a">Sufism</subfield>
    <subfield code="v">Early works to 1800.</subfield>
  </datafield>
  <datafield tag="700" ind1="0" ind2="2">
    <subfield code="6">880-06</subfield>
    <subfield code="a">Fārābī.</subfield>
    <subfield code="t">‘Ajā’ib al-Nuṣūṣ fī Tahdhīb al-Fuṣūṣ.</subfield>
  </datafield>
  <datafield tag="700" ind1="1" ind2="2">
    <subfield code="6">880-07</subfield>
    <subfield code="a">Ḥusaynī, Muḥammad ibn Sharīf.</subfield>
    <subfield code="t">Uṣūl al-Mantiq wa-al-Munāẓarah.</subfield>
  </datafield>
  <datafield tag="852" ind1=" " ind2=" ">
    <subfield code="a">Jafet Archives and Special Collections</subfield>
    <subfield code="e">American University of Beirut, Bliss Street, Beirut, ‎Lebanon.‎</subfield>
  </datafield>
  <datafield tag="880" ind1="1" ind2=" ">
    <subfield code="6">100-01/(3/r</subfield>
    <subfield code="a">السهروردي، يحيى بن حبش،</subfield>
    <subfield code="d">1152 او 1153-1191،</subfield>
    <subfield code="e">مؤلف. </subfield>
    <subfield code="4">aut.</subfield>
  </datafield>
  <datafield tag="880" ind1="1" ind2="0">
    <subfield code="6">245-02/(3/r</subfield>
    <subfield code="a">هياكل النور /</subfield>
    <subfield code="c">للحكيم السبحاني والهيكل الصمداني فيلسوف الإسلام شهاب الدين أبي الفتوح يحيى بن حبش السهروردي الشهير بالشيخ المقتول المتوفى سلخ ذي الحجة سنة 587 هـ. بحلب ؛ مطرز الحواشي بتعليقات بعض نخبة فضلاء العصر. [ويليه] عجائب النصوص في تهذيب الفصوص / لأحد فضلاء العصر الحاضر هذب فيه فصوص حكيم العرب في العالم الإسلامي المعلم الثاني أبي النصر الفارابي. [ويليه] أصول المنطق والمناظرة عرب فيها الأصول المنطقية للسيد الشريف إبنه وضمنها فضلا عن هذا اصول فن البحث والمناظرة بغاية التقريب والإيجاز مما يكفي طلاب العلم في هذين الفنين الجليلين.</subfield>
  </datafield>
  <datafield tag="880" ind1=" " ind2=" ">
    <subfield code="6">250-03/(3/r</subfield>
    <subfield code="a">الطبعة الأولى.</subfield>
  </datafield>
  <datafield tag="880" ind1=" " ind2="1">
    <subfield code="6">264-04/(3/r</subfield>
    <subfield code="a">مصر :</subfield>
    <subfield code="b">مطبعة السعادة،</subfield>
    <subfield code="c">1335هـ.، [1916؟ م.]</subfield>
  </datafield>
  <datafield tag="880" ind1=" " ind2=" ">
    <subfield code="6">300-05/(3/r</subfield>
    <subfield code="a">96 صفحة ؛</subfield>
    <subfield code="c">20 سم</subfield>
  </datafield>
  <datafield tag="880" ind1="0" ind2="2">
    <subfield code="6">700-06/(3/r</subfield>
    <subfield code="a">الفارابي.</subfield>
    <subfield code="t">عجائب النصوص في تهذيب الفصوص.</subfield>
  </datafield>
  <datafield tag="880" ind1="1" ind2="2">
    <subfield code="6">700-07/(3/r</subfield>
    <subfield code="a">الحسيني، محمد بن شريف.</subfield>
    <subfield code="t">أصول المنطق والمناظرة.</subfield>
  </datafield>
  <datafield tag="907" ind1=" " ind2=" ">
    <subfield code="a">.b12363042</subfield>
    <subfield code="b">17-06-21</subfield>
    <subfield code="c">11-05-24</subfield>
  </datafield>
  <datafield tag="907" ind1=" " ind2=" ">
    <subfield code="a">.b12363042</subfield>
    <subfield code="b">15-10-15</subfield>
    <subfield code="c">11-05-24</subfield>
  </datafield>
  <datafield tag="945" ind1=" " ind2=" ">
    <subfield code="f">CA</subfield>
    <subfield code="a">181.07:S947hA:c.1</subfield>
    <subfield code="i">00295624</subfield>
    <subfield code="j">.i12811476</subfield>
    <subfield code="l">u0304</subfield>
  </datafield>
  <datafield tag="998" ind1=" " ind2=" ">
    <subfield code="a">u03</subfield>
    <subfield code="b">97-02-23</subfield>
    <subfield code="c">m</subfield>
    <subfield code="d">a</subfield>
    <subfield code="e">-</subfield>
    <subfield code="f">ara</subfield>
    <subfield code="g">ua </subfield>
    <subfield code="h">0</subfield>
    <subfield code="i">1</subfield>
  </datafield>
</record>
</collection>
